<?xml version="1.0" encoding="UTF-8"?><collection xmlns="http://www.loc.gov/MARC21/slim"><record><leader>00585nam--2200205-u-4500</leader><controlfield tag="001">000051034</controlfield><controlfield tag="002">20161230</controlfield><controlfield tag="005">20170128143924</controlfield><controlfield tag="008">080513s1000------------r-----000-0-eng-d</controlfield><datafield ind1=" " ind2=" " tag="020"><subfield code="a">0-387-07531-3</subfield></datafield><datafield ind1=" " ind2=" " tag="040"><subfield code="a">IFIN-HH</subfield></datafield><datafield ind1=" " ind2=" " tag="080"><subfield code="a">512.533 (082.1)</subfield></datafield><datafield ind1="1" ind2=" " tag="100"><subfield code="a">Cornea, Aurel</subfield></datafield><datafield ind1="1" ind2=" " tag="245"><subfield code="a">Order and Potential Resolvent Families of Kernels</subfield></datafield><datafield ind1=" " ind2=" " tag="260"><subfield code="a">Berlin</subfield><subfield code="b">Springer - Verlag</subfield><subfield code="c">1975</subfield></datafield><datafield ind1=" " ind2=" " tag="300"><subfield code="a">154 p</subfield></datafield><datafield ind1=" " ind2=" " tag="490"><subfield code="a">Lecture Notes in Mathematics Edited by A. Dold and B. Eckmann</subfield><subfield code="v">vol. 494</subfield></datafield><datafield ind1=" " ind2=" " tag="700"><subfield code="a">Licea, Gabriel</subfield></datafield><datafield ind1=" " ind2=" " tag="852"><subfield code="a">45404</subfield><subfield code="c">512</subfield></datafield><datafield ind1=" " ind2=" " tag="CAT"><subfield code="a">SYS</subfield><subfield code="c">20170128</subfield><subfield code="h">143924</subfield></datafield></record></collection>